
@article{yook2002modeling,
  title={Modeling the Internet's large-scale topology},
  author={Yook, Soon-Hyung and Jeong, Hawoong and Barab{\'a}si, Albert-L{\'a}szl{\'o}},
  journal={Proceedings of the National Academy of Sciences},
  volume={99},
  number={21},
  pages={13382--13386},
  year={2002},
  publisher={National Acad Sciences}
}

@article{albert2002statistical,
  title={Statistical mechanics of complex networks},
  author={Albert, R{\'e}ka and Barab{\'a}si, Albert-L{\'a}szl{\'o}},
  journal={Reviews of modern physics},
  volume={74},
  number={1},
  pages={47},
  year={2002},
  publisher={APS}
}

@article{vardi1996network,
 author = {Y. Vardi},
 journal = {Journal of the American Statistical Association},
 number = {433},
 pages = {365--377},
 publisher = {[American Statistical Association, Taylor & Francis, Ltd.]},
 title = {Network Tomography: Estimating Source-Destination Traffic Intensities from Link Data},
 volume = {91},
 year = {1996}
}



@article{kumar2006practical,
  title={Practical beacon placement for link monitoring using network tomography},
  author={Kumar, Ritesh and Kaur, Jasleen},
  journal={IEEE Journal on Selected Areas in Communications},
  volume={24},
  number={12},
  pages={2196--2209},
  year={2006},
  publisher={IEEE}
}

@article{natu2008probe,
  title={Probe station placement for robust monitoring of networks},
  author={Natu, Maitreya and Sethi, Adarshpal S},
  journal={Journal of Network and Systems Management},
  volume={16},
  number={4},
  pages={351--374},
  year={2008},
  publisher={Springer}
}

@article{ma2014inferring,
  title={Inferring link metrics from end-to-end path measurements: Identifiability and monitor placement},
  author={Ma, Liang and He, Ting and Leung, Kin K and Swami, Ananthram and Towsley, Don},
  journal={IEEE/ACM Transactions on Networking (TON)},
  volume={22},
  number={4},
  pages={1351--1368},
  year={2014},
  publisher={IEEE Press}
}

@article{ma2015optimal,
  title={On optimal monitor placement for localizing node failures via network tomography},
  author={Ma, Liang and He, Ting and Swami, Ananthram and Towsley, Don and Leung, Kin K},
  journal={Performance Evaluation},
  volume={91},
  pages={16--37},
  year={2015},
  publisher={Elsevier}
}

@article{he2017robust,
  title={Robust and efficient monitor placement for network tomography in dynamic networks},
  author={He, Ting and Gkelias, Athanasios and Ma, Liang and Leung, Kin K and Swami, Ananthram and Towsley, Don},
  journal={IEEE/ACM Transactions on Networking (TON)},
  volume={25},
  number={3},
  pages={1732--1745},
  year={2017},
  publisher={IEEE Press}
}

@article{burch1999mapping,
  title={Mapping the internet},
  author={Burch, Hal and Cheswick, Bill},
  journal={Computer},
  volume={32},
  number={4},
  pages={97--98},
  year={1999},
  publisher={IEEE}
}

@article{dall2006exploring,
  title={Exploring networks with traceroute-like probes: Theory and simulations},
  author={Dall’Asta, Luca and Alvarez-Hamelin, Ignacio and Barrat, Alain and V{\'a}zquez, Alexei and Vespignani, Alessandro},
  journal={Theoretical Computer Science},
  volume={355},
  number={1},
  pages={6--24},
  year={2006},
  publisher={Elsevier}
}

@inproceedings{han2008method,
  title={A method for placing traceroute-like topology discovery instrumentation},
  author={Han, Wei and Xu, Ke},
  booktitle={Communication Systems, 2008. ICCS 2008. 11th IEEE Singapore International Conference on},
  pages={1160--1164},
  year={2008},
  organization={IEEE}
}

@inproceedings{zou2009logic,
  title={A logic distance-based method for deploying probing sources in the topology discovery},
  author={Zou, Xin and Qiao, Zhongliang and Zhou, Gang and Xu, Ke},
  booktitle={Global Telecommunications Conference, 2009. GLOBECOM 2009. IEEE},
  pages={1--6},
  year={2009},
  organization={IEEE}
}

@article{boothe2007graph,
  title={Graph covering via shortest paths},
  author={Boothe, Peter and Dvor{\'a}k, Zdenek and Farley, Arthur M and Proskurowski, Andrzej},
  journal={Congressus Numerantium},
  volume={187},
  pages={145},
  year={2007},
  publisher={Winnipeg; Utilitas Mathematica; 1998}
}

@article{pignolet2017tomographic,
  title={Tomographic Node Placement Strategies and the Impact of the Routing Model},
  author={Pignolet, Yvonne-Anne and Schmid, Stefan and Tredan, Gilles},
  journal={Proceedings of the ACM on Measurement and Analysis of Computing Systems},
  volume={1},
  number={2},
  pages={42},
  year={2017},
  publisher={ACM}
}

@inproceedings{gubichev2010fast,
  title={Fast and accurate estimation of shortest paths in large graphs},
  author={Gubichev, Andrey and Bedathur, Srikanta and Seufert, Stephan and Weikum, Gerhard},
  booktitle={Proceedings of the 19th ACM international conference on Information and knowledge management},
  pages={499--508},
  year={2010},
  organization={ACM}
}

@inproceedings{akiba2012shortest,
  title={Shortest-path queries for complex networks: exploiting low tree-width outside the core},
  author={Akiba, Takuya and Sommer, Christian and Kawarabayashi, Ken-ichi},
  booktitle={Proceedings of the 15th International Conference on Extending Database Technology},
  pages={144--155},
  year={2012},
  organization={ACM}
}

@article{madkour2017survey,
  title={A survey of shortest-path algorithms},
  author={Madkour, Amgad and Aref, Walid G and Rehman, Faizan Ur and Rahman, Mohamed Abdur and Basalamah, Saleh},
  journal={arXiv preprint arXiv:1705.02044},
  year={2017}
}

@article{panda2018survey,
  title={A Survey of Shortest-Path Algorithms},
  author={Panda, Madhumita and Mishra, Abinash},
  journal={International Journal of Applied Engineering Research},
  volume={13},
  number={9},
  pages={6817--6820},
  year={2018}
}



@incollection{karp1972reducibility,
  title={Reducibility among combinatorial problems},
  author={Karp, Richard M},
  booktitle={Complexity of computer computations},
  pages={85--103},
  year={1972},
  publisher={Springer}
}

@article{chvatal1979greedy,
  title={A greedy heuristic for the set-covering problem},
  author={Chvatal, Vasek},
  journal={Mathematics of operations research},
  volume={4},
  number={3},
  pages={233--235},
  year={1979},
  publisher={INFORMS}
}

@book{vazirani2013approximation,
  title={Approximation algorithms},
  author={Vazirani, Vijay V},
  year={2013},
  publisher={Springer Science \& Business Media}
}

@article{slavik1997tight,
  title={A tight analysis of the greedy algorithm for set cover},
  author={Slav{\i}k, Petr},
  journal={Journal of Algorithms},
  volume={25},
  number={2},
  pages={237--254},
  year={1997},
  publisher={Elsevier}
}

@article{feige1998threshold,
  title={A threshold of ln n for approximating set cover},
  author={Feige, Uriel},
  journal={Journal of the ACM (JACM)},
  volume={45},
  number={4},
  pages={634--652},
  year={1998},
  publisher={ACM}
}

@article{hochbaum1997approximating,
  title={Approximating covering and packing problems: set cover, vertex cover, independent set, and related problems},
  author={Hochbaum, Dorit S},
  journal={Approximation Algorithms for NP-Hard Problem},
  pages={94--143},
  year={1997},
  publisher={PWS Pub.}
}
